<record><leader>00000cas a22000007a 4500</leader><controlfield tag="001">22480575</controlfield><controlfield tag="008">901009d196519uumnusr ne      0    0eng d</controlfield><datafield ind1=" " ind2=" " tag="010"><subfield code="a">sn 90060511 </subfield></datafield><datafield ind1=" " ind2=" " tag="040"><subfield code="a">MN#</subfield><subfield code="b">eng</subfield><subfield code="c">MN#</subfield><subfield code="d">OCLCQ</subfield><subfield code="d">OCLCO</subfield></datafield><datafield ind1="1" ind2=" " tag="029"><subfield code="a">AU@</subfield><subfield code="b">000025908469</subfield></datafield><datafield ind1=" " ind2=" " tag="042"><subfield code="a">msc</subfield></datafield><datafield ind1=" " ind2=" " tag="043"><subfield code="a">n-us-mn</subfield></datafield><datafield ind1=" " ind2=" " tag="052"><subfield code="a">4144</subfield><subfield code="b">S9</subfield><subfield code="b">B2</subfield><subfield code="b">A26</subfield><subfield code="b">L26</subfield><subfield code="b">L32</subfield><subfield code="b">S215</subfield></datafield><datafield ind1=" " ind2=" " tag="052"><subfield code="a">4143</subfield><subfield code="b">W5</subfield></datafield><datafield ind1="0" ind2=" " tag="130"><subfield code="a">Photo news (Stillwater, Minn.)</subfield></datafield><datafield ind1="1" ind2="0" tag="245"><subfield code="a">Photo news.</subfield></datafield><datafield ind1="1" ind2="3" tag="246"><subfield code="a">Stillwater photo news</subfield><subfield code="f">Apr. 14, 1965-May 26, 1965</subfield></datafield><datafield ind1=" " ind2=" " tag="260"><subfield code="a">Stillwater [Minn.] :</subfield><subfield code="b">Richard Luhman and Don Larson,</subfield><subfield code="c">1965-</subfield></datafield><datafield ind1=" " ind2=" " tag="300"><subfield code="a">v.</subfield></datafield><datafield ind1=" " ind2=" " tag="310"><subfield code="a">Semimonthly,</subfield><subfield code="b">June 9, 1965-</subfield></datafield><datafield ind1=" " ind2=" " tag="321"><subfield code="a">Weekly,</subfield><subfield code="b">Apr. 14, 1965-May 26, 1965</subfield></datafield><datafield ind1="0" ind2=" " tag="362"><subfield code="a">Vol. 1, no. 1 (Apr. 14, 1965)-</subfield></datafield><datafield ind1=" " ind2=" " tag="500"><subfield code="a">Published at: Bayport, Minn., June 9, 1965-</subfield></datafield><datafield ind1=" " ind2=" " tag="500"><subfield code="a">"Serving Afton, Bayport, Lake Elmo, Lakeland &amp; St. Croix Beach.</subfield></datafield><datafield ind1=" " ind2=" " tag="530"><subfield code="a">Available on microfilm from the Minnesota Historical Society.</subfield></datafield><datafield ind1=" " ind2="0" tag="651"><subfield code="a">Bayport (Minn.)</subfield><subfield code="v">Newspapers.</subfield></datafield><datafield ind1=" " ind2="0" tag="651"><subfield code="a">Stillwater (Minn.)</subfield><subfield code="v">Newspapers.</subfield></datafield><datafield ind1=" " ind2="0" tag="651"><subfield code="a">Afton (Minn.)</subfield><subfield code="v">Newspapers.</subfield></datafield><datafield ind1=" " ind2="0" tag="651"><subfield code="a">Lake Elmo (Minn.)</subfield><subfield code="v">Newspapers.</subfield></datafield><datafield ind1=" " ind2="0" tag="651"><subfield code="a">Lakeland (Minn.)</subfield><subfield code="v">Newspapers.</subfield></datafield><datafield ind1=" " ind2="0" tag="651"><subfield code="a">Lake Saint Croix Beach (Minn.)</subfield><subfield code="v">Newspapers.</subfield></datafield><datafield ind1=" " ind2=" " tag="752"><subfield code="a">United States</subfield><subfield code="b">Minnesota</subfield><subfield code="c">Washington</subfield><subfield code="d">Bayport.</subfield></datafield><datafield ind1=" " ind2=" " tag="752"><subfield code="a">United States</subfield><subfield code="b">Minnesota</subfield><subfield code="c">Washington</subfield><subfield code="d">Stillwater.</subfield></datafield><datafield ind1=" " ind2=" " tag="752"><subfield code="a">United States</subfield><subfield code="b">Minnesota</subfield><subfield code="c">Washington</subfield><subfield code="d">Afton.</subfield></datafield><datafield ind1=" " ind2=" " tag="752"><subfield code="a">United States</subfield><subfield code="b">Minnesota</subfield><subfield code="c">Washington</subfield><subfield code="d">Lake Elmo.</subfield></datafield><datafield ind1=" " ind2=" " tag="752"><subfield code="a">United States</subfield><subfield code="b">Minnesota</subfield><subfield code="c">Washington</subfield><subfield code="d">Lakeland.</subfield></datafield><datafield ind1=" " ind2=" " tag="752"><subfield code="a">United States</subfield><subfield code="b">Minnesota</subfield><subfield code="c">Washington</subfield><subfield code="d">Lake Saint Croix Beach.</subfield></datafield></record>